3200 5059
585 368 850 469 eremmon
875 406 902 473 1.
927 413 977 473 ra.

352 572 455 654 Quen
471 574 572 638 virum
585 583 643 642 aut
658 577 755 641 heroa
769 577 837 661 lyra
851 578 900 641 vel
914 578 980 643 acri

351 670 443 736 Tibia
458 673 556 737 sumis
572 674 739 753 celebrare,
758 674 836 754 Olio,

350 769 453 851 Quem
468 774 584 837 deum?
629 773 727 859 (lujus
742 774 864 841 recinet
875 776 988 860 jocosa

392 868 516 933 Nomen
530 870 634 955 imago

349 966 420 1033 Aut
434 968 465 1029 in
481 970 639 1033 umbrosis
655 969 821 1034 Heliconis
835 971 901 1035 orie

350 1064 420 1130 Aut
434 1088 530 1151 super
547 1066 659 1146 Pindo,
675 1068 820 1154 gelidove
835 1068 868 1131 in
885 1068 1012 1134 Haemo

349 1158 446 1225 Unde
460 1164 601 1228 vocalem
615 1172 735 1230 temere
750 1165 913 1231 insecutae

391 1260 520 1345 Orphea
534 1263 631 1326 silvae

348 1356 431 1421 Arte
445 1366 591 1424 materna
605 1361 733 1446 rapidos
747 1368 925 1425 morantem

349 1454 377 1516 F
379 1455 531 1520 luminum
544 1459 652 1545 lapsus
667 1459 848 1543 celeresque
859 1467 981 1538 ventos,
1169 1480 1202 1527 10

348 1550 554 1620 Blandum'et
568 1556 690 1621 auritas
703 1556 821 1620 fidibus
835 1557 961 1621 canoris

390 1652 516 1717 Ducere
531 1656 686 1739 quercus?

348 1749 431 1830 Quid
446 1751 534 1835 prius
549 1752 652 1816 dicam
667 1752 769 1816 solitis
783 1752 926 1837 parentis

349 1846 520 1930 LaudibuS‚
537 1850 590 1935 qui
605 1872 657 1913 res
671 1849 833 1912 hominum
847 1872 885 1913 ac
900 1852 1041 1927 deorum,

348 1945 409 2025 Qui
423 1969 512 2010 mare
526 1970 564 2011 ac
579 1954 683 2011 terrae
697 1948 855 2033 variisque
868 1949 1022 2012 mundum
1169 1968 1200 2014 lo

390 2044 561 2130 Temperat
576 2044 684 2109 horiei

347 2138 444 2205 Unde
458 2143 503 2206 nil
516 2143 619 2227 majus
633 2148 805 2229 generatur
818 2142 897 2228 ipso,

347 2238 415 2303 Nec
430 2240 517 2325 viget
532 2242 704 2327 quidquam
719 2241 820 2304 simile
834 2247 892 2306 aut
906 2241 1100 2305 secumdum:

347 2335 517 2403 Proximos
531 2338 575 2402 illi
589 2347 698 2403 tamen
713 2338 881 2425 occupavit

391 2434 497 2500 Pallae
512 2437 657 2502 honorea

348 2534 482 2598 Proeliis
496 2536 602 2601 audax
617 2556 718 2619 neque
733 2540 766 2601 te
781 2533 882 2599 silebo

348 2630 443 2696 Liber
457 2640 491 2697 et
505 2632 608 2697 saevis
622 2632 748 2696 inimica
764 2632 867 2718 Virgo

206 2830 481 2891 2.rmuee1eurare,]
518 2829 563 2879 See
574 2830 602 2878 C.
615 2830 632 2877 i.
652 2832 674 2879 l.
692 2831 716 2886 8,
728 2844 752 2877 n.
821 2829 859 2884 17.
883 2829 1003 2877 uadenti
1020 2828 1111 2889 mujeu]
1162 2826 1263 2876 ‘Unde'
1285 2842 1370 2877 occure

174 2891 269 2939 Horace
286 2893 385 2941 involet
401 2894 443 2941 the
460 2894 545 2942 Muaee
561 2894 662 2942 without
682 2893 753 2941 much
786 2892 877 2941 several
886 2893 957 2941 timea
967 2891 1099 2940 iu'Horace
1116 2906 1142 2939 aa
1152 2892 1268 2952 referring
1278 2896 1304 2940 to
1314 2907 1370 2953 per-

173 2956 376 3015 diamimiuation3
394 2958 437 3005 but
453 2958 506 3006 Clio
522 2958 754 3021 innotimproperly
786 2955 1021 3019 eoue(aee1udex).
1056 2956 1101 3003 See
1117 2956 1168 3004 aleo
1183 2971 1271 3017 among
1287 2957 1369 3004 othere

172 3020 276 3068 iueolred
293 3021 351 3069 bere
370 3036 396 3070 aa
414 3023 456 3069 tbe
475 3038 543 3071 mnae
561 3023 589 3070 oi
605 3022 705 3084 history,
728 3028 754 3071 to
787 3022 872 3069 Cicero
887 3022 917 3070 de
935 3022 1029 3069 Senect.
1044 3023 1069 3069 4.
1083 3023 1128 3069 12:
1147 3020 1223 3068 “iore
1239 3020 1303 3068 unde
1319 3020 1368 3068 dia-

173 3084 251 3132 rrbich
262 3084 303 3133 the
314 3101 396 3134 nemea
407 3086 435 3134 ol
447 3088 489 3134 tbe
501 3088 613 3135 woribiee
623 3086 754 3135 recounted
786 3101 864 3133 cerem
881 3084 1028 3134 neminem.”
1060 3084 1159 3133 Terent.
1176 3084 1240 3132 Eun.
1255 3086 1272 3133 i.
1285 3088 1308 3133 2.
1319 3086 1367 3133 35:

172 3146 269 3211 belong.
303 3150 409 3212 Calliope
417 3151 459 3199 the
470 3152 530 3214 Epic
541 3150 753 3199 muaeiainroked
786 3150 834 3197 “E
853 3151 1013 3212 praedonibua
1035 3149 1099 3197 unde
1115 3155 1206 3197 emeret
1227 3164 1253 3197 ae
1274 3149 1368 3199 audine

173 3212 202 3260 C.
214 3214 247 3261 iii.
259 3216 283 3262 4.
296 3217 324 3272 23
343 3215 499 3277 Melpomene
509 3216 551 3263 the
562 3216 638 3279 tregit
648 3216 668 3263 is
679 3215 753 3264 aelred
785 3214 905 3262 dicebat.”

172 3276 210 3325 lor
220 3292 235 3325 e
246 3278 311 3338 dirge
322 3280 338 3327 i.
350 3283 390 3327 24.
402 3282 432 3337 ³3
450 3280 556 3343 Euterpe
567 3280 615 3327 and
627 3280 753 3343 Polymnia
820 3280 858 3329 19.
876 3280 1019 3341 Proau'moe]
1054 3278 1114 3327 Thia
1125 3277 1367 3341 eiguifyingtbenext

172 3342 214 3389 the
235 3358 323 3428 proper
343 3343 404 3405 lyric
424 3360 504 3392 mures
529 3360 601 3392 occur
626 3346 643 3391 i.
668 3346 688 3391 l.
712 3346 752 3392 3³.
785 3343 893 3391 inorder
903 3345 1006 3391 without
1016 3342 1136 3391 reference
1151 3350 1178 3391 to
1193 3341 1367 3390 distancedoea

173 3406 275 3467 ‘Imago
304 3408 402 3455 iamed
420 3408 554 3471 absolutely
575 3409 613 3456 lor
629 3409 672 3456 the
693 3407 753 3455 ecbo
785 3413 830 3455 not
841 3408 974 3455 contradict
986 3407 1119 3467 wbatgoee
1134 3406 1225 3455 before.
1259 3407 1367 3453 ‘Secun-

173 3470 308 3534 (lorwbich
320 3472 362 3519 the
374 3472 480 3521 Romana
491 3473 539 3520 bad
550 3488 582 3521 uo
595 3472 751 3535 comeapond·
786 3470 857 3520 dum’
877 3488 959 3521 meana
977 3472 1041 3519 eloae
1059 3472 1198 3533 proximity.
1238 3468 1298 3518 Tbia
1319 3470 1368 3518 will

171 3536 214 3597 ing
224 3536 297 3599 term)
309 3535 340 3598 by
353 3536 444 3595 Cicero,
455 3537 527 3585 Tuae.
539 3538 571 3585 iii.
584 3542 614 3586 2:
628 3542 643 3565 ‘¹
653 3536 752 3599 ea(leua
784 3551 874 3599 appear
890 3550 957 3584 more
975 3536 1066 3598 plainly
1082 3536 1144 3583 from
1156 3536 1240 3583 Cicero
1254 3532 1366 3596 (Brutua,

171 3600 301 3663 bonorum)
312 3601 394 3648 virtuti
404 3606 500 3649 meonat
516 3606 629 3664 tanquam
646 3600 752 3663 imago.”
784 3600 843 3663 AD:
856 3604 872 3628 “
882 3600 984 3648 Duobus
994 3601 1068 3661 igitur
1075 3600 1174 3647 aummia
1183 3599 1268 3647 Crasso
1280 3604 1305 3646 et
1314 3600 1366 3646 An-

171 3664 250 3725 Virgil
267 3666 332 3725 givea
352 3664 395 3713 the
410 3665 455 3713 full
467 3668 605 3728 expraaeion
617 3667 703 3727 Georg.
720 3666 751 3713 iv.
784 3666 852 3712 tonio
869 3664 898 3712 L.
913 3665 1038 3727 Philippus
1053 3664 1161 3726 proxime
1176 3662 1312 3719 accedebat,
1324 3662 1367 3710 aed

172 3732 219 3777 w:
244 3730 390 3791 “vocisque
411 3730 502 3779 otienaa
524 3731 625 3779 multat
645 3728 752 3792 imego.”
783 3729 857 3790 longo
875 3729 1001 3777 intervallo
1016 3734 1097 3776 tamen
1113 3728 1243 3789 proximus.
1281 3726 1368 3789 Itaque

172 3792 218 3840 See
229 3792 256 3840 C.
268 3793 283 3841 i.
296 3796 336 3843 2⁰.
349 3796 372 3841 8.
786 3808 841 3841 eum
852 3794 899 3841 etei
908 3808 980 3841 nemo
996 3792 1151 3840 antecedebat
1164 3792 1205 3855 qni
1216 3806 1242 3839 ae
1252 3791 1287 3838 illi
1298 3798 1366 3840 aute·

206 3858 243 3906 lb.
260 3858 516 3921 uariisquemundum]
536 3858 685 3906 ‘Mundum’
696 3858 754 3907 bere
785 3858 860 3905 ferret
877 3873 957 3921 neque
974 3856 1106 3905 secundum
1122 3862 1203 3904 umen
1221 3871 1299 3918 neque
1315 3862 1367 3903 ter-

171 3922 276 3983 eigniiiea
287 3922 329 3970 the
339 3922 384 3984 elry
394 3938 421 3970 aa
431 3923 457 3969 iu
469 3923 556 3985 Georg.
568 3925 584 3971 i.
597 3927 645 3973 240
654 3942 695 3971 ι-
785 3922 846 3970 tium
857 3922 965 3970 dixerim.
999 3922 1042 3968 Me
1059 3922 1123 3968 enim
1138 3922 1165 3969 in
1179 3920 1299 3982 quadrigis
1310 3936 1365 3969 eum

170 4012 187 4038 n
197 4010 305 4059 Mundus
330 4016 357 4058 ut
383 4012 413 4059 ad
436 4012 558 4075 Scythiam
586 4014 634 4061 ΗΜ
723 4028 754 4061 ue
786 3987 917 4035 secundum
934 3986 1117 4043 numeraverim,
1134 3990 1176 4032 eut
1199 3985 1305 4042 tertium,
1324 3986 1367 4049 qni

227 4076 314 4124 „dum
325 4092 391 4125 m
634 4028 722 4077 Μ
784 4053 824 4099 vir
833 4067 846 4100 e
855 4050 987 4099 carceribus
993 4050 1077 4099 exierit
1085 4065 1139 4097 cum
1146 4050 1251 4111 palmam
1256 4050 1307 4110 jam
1316 4051 1365 4112 pri-

195 4140 325 4201 Coneurgit
355 4142 471 4204 premitur
487 4141 578 4205 Libyae
602 4142 706 4191 devexus
727 4144 752 4191 in
784 4131 838 4165 Μ
849 4116 980 4191 'willemi
996 4114 1235 4191 ¹¹⁰⁰l¹¹⁰¹ll⁰¹lb¹¹⁸¹
1254 4115 1365 4190 ‘lubun'

226 4175 354 4253 Awmb»
783 4185 836 4228 tum
847 4180 910 4228 ebert
920 4195 935 4227 a
944 4195 1023 4243 pumo
1032 4194 1073 4226 nx
1084 4183 1112 4227 ut
1122 4194 1148 4225 ιιι
1156 4180 1241 4228 eodem
1248 4178 1365 4227 curriculo

169 4282 369 4330 *mmm
383 4284 494 4332 ¹⁴³⁶'‘
782 4241 1308 4371 ffitbbeblubnsuliillllbtmlbiduffili
1320 4242 1366 4353 ill

170 4376 186 4399 “
195 4372 230 4420 At
240 4372 322 4433 vigiles
340 4374 422 4422 mundi
437 4390 550 4436 magnum
561 4373 674 4423 versetili'
687 4379 750 4422 tem-
782 4390 872 4435 among
890 4374 960 4422 tboee
980 4373 1038 4436 ‘qui
1060 4343 1204 4434 ginerantur
1226 4368 1296 4434 ipso:
1316 4370 1364 4417 eud

168 4476 175 4494 ,
233 4437 302 4499 plum
783 4437 1128 4503 onlytheeearementioned.

194 4501 236 4551 Sol
246 4506 271 4551 et
281 4502 340 4551 luae
349 4518 393 4553 euo
402 4502 630 4553 lustrenteelumiue
636 4502 751 4553 circnm.”

1172 4582 1192 4625 Ι)
