3200 5059
600 384 691 449 ARS
715 386 929 453 POETIOA.

206 554 277 619 Neu
291 574 427 639 pransae
443 553 574 618 Lamiae
588 554 693 619 vivum
707 576 841 640 puerum
857 556 1007 622 extrahat
1022 559 1104 626 alvo.

205 650 376 715 centuriae
390 650 550 715 seniorum
564 649 692 737 agitant
708 654 854 737 expertia
868 654 979 741 frugis,

204 748 288 813 Celsi
302 755 510 834 praetereunt
522 754 654 813 austera
668 757 817 834 poemata
833 752 994 817 Ramnes:

204 846 307 911 Omne
321 848 396 912 tulit
411 855 564 932 punctum
579 848 633 933 qui
647 848 779 913 miscuit
792 850 871 921 utile
887 850 981 929 dulci,

205 943 375 1008 Lectorem
391 943 578 1008 delectando
594 945 778 1030 pariterque
792 948 973 1024 monendo;

204 1041 270 1106 Hic
284 1048 387 1105 meret
400 1063 476 1105 aera
488 1041 569 1105 liber
585 1042 705 1117 Sosiis;
731 1042 782 1107 hic
798 1052 833 1109 et
847 1067 935 1108 mare
950 1044 1069 1111 transit
1266 1064 1316 1112 545

204 1137 250 1201 Et
263 1136 394 1223 longum
408 1145 485 1203 noto
501 1139 651 1225 scriptori
665 1149 821 1226 prorogat
834 1164 956 1207 aevum.

205 1236 288 1300 Sunt
303 1236 420 1300 delicta
434 1244 543 1301 tamen
557 1236 671 1322 quibus
685 1237 845 1324 ignovisse
860 1240 992 1304 velimus
1005 1266 1014 1315 ;

205 1333 289 1397 Nam
303 1356 406 1418 neque
422 1334 541 1399 chorda
556 1358 670 1399 sonum
685 1336 792 1401 reddit
807 1358 901 1421 quem
916 1338 985 1403 5515
999 1359 1111 1403 manus
1126 1346 1161 1405 et
1175 1362 1274 1421 mens,

204 1430 418 1515 Poscentique
432 1452 561 1516 gravem
576 1454 730 1517 persaepe
745 1433 885 1498 remittit
899 1441 1031 1500 acutum
1043 1462 1052 1509 ;

204 1528 273 1591 Nec
289 1550 414 1613 semper
428 1528 524 1593 feriet·
536 1531 746 1614 quodcunque
761 1530 937 1596 minabitur
950 1554 1055 1598 arcus
1265 1551 1317 1601 355

204 1625 328 1689 Verum
342 1626 397 1689 ubi
411 1627 504 1711 plura
517 1628 622 1691 nitent
636 1628 669 1690 in
684 1627 824 1692 carmine
839 1650 903 1692 non
918 1651 978 1717 ego
993 1630 1105 1718 paucis
1196 1706 1201 1711 ¹

204 1723 356 1788 Offendar
370 1725 512 1801 maculis,
528 1748 608 1811 quas
623 1733 681 1790 aut
694 1726 817 1791 incuria
831 1727 914 1792 fudit

203 1821 274 1884 Aut
288 1820 427 1885 humana
440 1845 553 1907 parum
568 1824 653 1888 cavit
668 1831 792 1889 natura.
840 1824 924 1905 Quid
938 1847 1016 1912 ergo
1030 1829 1102 1893 esti

205 1916 257 1982 Ut
270 1918 410 2003 scriptor
424 1918 451 1982 si
465 1926 583 2004 peccat
596 1920 681 1984 idern
694 1920 843 1985 librarius
858 1944 958 2007 usque

205 2015 357 2095 Quamvis
373 2022 424 2079 est
438 2016 579 2080 monitus
592 2017 684 2082 venia
699 2025 811 2094 caret3
837 2026 874 2083 ut
890 2020 1094 2085 citharoedus
1265 2038 1315 2088 555

206 2110 344 2177 Ridetur
359 2114 478 2178 chorda
492 2113 546 2199 qui
561 2134 688 2199 semper
702 2116 831 2180 oberrat
845 2117 978 2180 eadem:

205 2209 259 2273 Sic
274 2209 350 2274 mihi
366 2209 419 2295 qui
434 2211 570 2275 multum
586 2217 692 2298 cessat
706 2212 744 2276 fit
759 2211 925 2276 Ohoerilus
940 2212 1000 2291 ille,

205 2307 308 2387 Quem
321 2307 371 2370 bis
386 2314 474 2371 terve
488 2308 607 2371 honum
621 2330 693 2371 curn
708 2308 774 2373 risu
788 2310 904 2383 miron
929 2316 964 2373 et
978 2310 1063 2374 idem

206 2403 359 2489 Indignor
373 2406 561 2491 quandoque
575 2407 678 2469 bonus
692 2406 846 2472 dormitat
861 2407 1043 2485 Homerus;

206 2502 348 2584 (Verum
362 2504 450 2588 operi
464 2504 561 2589 longo
576 2505 624 2568 ias
639 2511 691 2569 est
705 2507 859 2591 obrepere
875 2508 1047 2589 somnum.)

206 2598 257 2664 Ut
271 2600 397 2684 pictura
410 2601 536 2685 poesis:
561 2601 623 2667 erit
639 2623 721 2686 quae
735 2602 764 2665 si
778 2602 909 2688 propius
924 2610 993 2667 stes

207 2696 254 2760 Te
269 2698 376 2781 capiat
390 2698 501 2783 magis,
518 2706 553 2763 et
567 2700 722 2784 quaedam
736 2699 765 2763 si
778 2700 905 2785 longius
920 2702 1040 2789 5155555.

205 2792 297 2857 Η555
312 2800 402 2858 amat
416 2796 595 2872 obscurum,
611 2796 697 2862 volet
712 2796 790 2860 haec
806 2797 867 2859 suh
881 2798 951 2861 luce
966 2797 1075 2875 videri,

204 2890 229 2953 J
231 2890 332 2955 udicis
346 2898 498 2976 argutum
513 2914 594 2977 quae
609 2914 672 2955 non
687 2893 839 2958 formidat
853 2916 988 2959 acumen
1001 2920 1010 2968 ;

207 2987 300 3052 Haec
315 2989 437 3074 placuit
451 2989 558 3068 semel,
574 2990 654 3053 haec
669 2990 776 3054 decies
790 2990 929 3076 repetita
943 2991 1091 3077 placebit.
1267 3002 1317 3055 555

206 3086 235 3151 Ο
250 3087 352 3169 major
362 3086 523 3169 juvenum,
541 3086 684 3170 quamvis
699 3092 733 3151 et
748 3110 825 3151 voce
839 3095 975 3173 paterna

207 3182 357 3268 Fingeris
371 3184 413 3246 ad
427 3190 550 3248 rectum
565 3191 599 3249 et
613 3206 671 3269 per
685 3192 719 3249 te
733 3185 831 3270 sapis,
848 3186 909 3249 hoc
924 3186 984 3250 tibi
1000 3185 1122 3249 dictum

194 3392 251 3441 eiu.
270 3390 328 3438 Nea
343 3405 453 3452 promae
468 3391 582 3453 Lamiae]
617 3391 745 3439 ‘lamiae’
777 3390 896 3449 51551515
908 3396 952 3439 555
962 3392 1042 3438 know.

161 3470 223 3502 were
244 3454 311 3516 begs,
334 3469 448 3517 egresses,
471 3456 525 3503 who
546 3456 594 3504 hsd
613 3455 655 3504 the
673 3471 745 3519 repu-
810 3458 867 3505 343.
887 3455 1169 3519 055551511155555555]
1206 3454 1260 3503 ‘He
1276 3455 1362 3504 carries

161 3519 277 3567 tationes
288 3519 419 3582 dmouring
436 3520 551 3569 children.
585 3520 744 3585 (85511551.
777 3536 848 3583 every
856 3519 930 3567 vote)
965 3518 1259 3581 855Ε55.11.1.99,5.;
1276 3520 1362 3569 555155

163 3584 201 3631 13.
216 3584 254 3641 lo,
265 3582 302 3645 5.)
776 3590 803 3633 55
814 3586 856 3632 5155
868 3584 929 3631 Sosii
941 3599 980 3631 555
991 3584 1054 3647 1155.
1064 3585 1082 3631 i.
1092 3586 1131 3632 ¹20.
1144 3587 1168 3639 2,
1179 3599 1204 3631 55.

194 3648 250 3695 etl.
273 3648 401 3695 Omturice
421 3649 564 3711 seniorum]
609 3648 743 3697 ’115151555-
810 3651 866 3699 353.
890 3649 957 3705 Quid
967 3647 1101 3709 55555511]
1132 3648 1223 3696 ‘What
1236 3662 1277 3695 are
1287 3650 1361 3696 weto

161 3725 238 3772 gusge
251 3711 272 3758 is
282 3708 354 3759 taken
366 3712 428 3766 155555
438 3712 481 3759 5155
493 3713 611 3761 ‘classes'
629 3729 657 3762 or
669 3717 741 3761 ‘cem
774 3713 910 3775 scythen?
932 3712 985 3760 'lhe
996 3712 1134 3774 expression
1144 3712 1359 3760 cccrusinCiosro

162 3774 253 3821 turiae’
275 3775 303 3822 51
326 3775 421 3823 Servius
446 3776 547 3823 'Tullius
586 3777 667 3825 These
688 3778 741 3825 who
774 3777 1047 3835 sometimes,ssinthe
1061 3778 1148 3839 spoech
1158 3792 1202 3839 555
1214 3776 1241 3824 Ρ.
1250 3776 1360 3835 Quintio,

161 3854 223 3886 were
234 3854 301 3886 more
311 3839 370 3887 than
378 3840 500 3900 15555555
511 3855 572 3888 were
583 3842 673 3888 classed
683 3842 742 3888 with
774 3857 795 3889 c.
811 3844 848 3889 le.

161 3904 205 3951 the
224 3902 360 3951 ‘seniores'
392 3903 446 3951 The
461 3919 532 3965 grave
544 3905 634 3952 5551555
649 3904 697 3952 like
711 3920 743 3951 no
808 3906 865 3953 354.
881 3904 1151 3967 scriptor-librarius]
1187 3902 1325 3965 ‘Scriptor’
1339 3902 1361 3950 is

160 3972 246 4029 poetry
264 3968 318 4015 515555
338 3968 383 4015 has
403 3972 448 4014 not
464 3969 600 4030 something
617 3968 744 4031 profitable
775 3968 938 4017 the‘scriha.'
972 3970 1236 4031 855Ε55.11.2.5,55.

161 4031 209 4078 and
228 4032 368 4080 instructius
386 4032 458 4079 1515.
489 4032 544 4080 The
562 4033 667 4080 Ramnes
684 4048 747 4081 were
812 4035 868 4089 ³57.
878 4036 913 4096 fii
927 4034 1053 4083 Choerilus
1068 4032 1131 4093 5115]
1168 4028 1287 4092 8551155.
1299 4028 1323 4077 ii.
1337 4031 1361 4078 l.

160 4097 204 4143 the
214 4096 311 4158 highest
321 4096 349 4143 of
357 4096 398 4144 the
409 4096 478 4144 three
488 4097 606 4144 5555555155
618 4097 646 4144 of
654 4099 746 4159 equites
778 4098 835 4153 231,
846 4112 872 4145 n.

160 4161 239 4208 which
262 4161 379 4208 Romulos
401 4162 422 4208 15
443 4160 494 4208 said
515 4165 542 4208 to
563 4162 624 4209 have
645 4161 746 4209 formed.
811 4163 867 4211 366.
888 4159 1134 4223 Omajorjaeenum,]
1169 4157 1250 4205 Acron
1261 4156 1361 4218 55551515

161 4224 298 4286 Theywere
308 4225 443 4287 5555151555,
450 4225 499 4272 aud
506 4226 601 4273 Horace
611 4226 669 4273 55115
679 4226 747 4273 them
778 4240 849 4273 name
864 4242 911 4275 was
928 4226 1024 4282 Lucius,
1036 4224 1112 4271 which
1130 4237 1156 4271 so
1173 4222 1209 4269 far
1224 4221 1287 4269 5515
1304 4235 1361 4283 goes

163 4289 252 4347 ‘celat'
264 4288 373 4351 ‘prend'
396 4290 449 4337 Τ155
460 4289 599 4338 distinction
610 4290 688 4337 515155
699 4290 746 4337 ori·
778 4290 799 4337 is
811 4292 904 4352 against
915 4306 961 4337 one
972 4290 999 4337 ol
1014 4290 1056 4337 the
1072 4288 1176 4335 theories
1187 4286 1324 4333 mentioued
1335 4286 1361 4332 in

162 4354 225 4414 ginsl
242 4354 317 4401 tribes
334 4354 382 4401 hsd
398 4354 481 4402 oessed
497 4359 523 4402 55
539 4355 613 4413 551555
631 4355 679 4402 and
689 4354 744 4417 why
776 4354 818 4401 the
837 4354 1012 4403 Introduction.
1052 4352 1131 4401 There
1148 4366 1209 4398 were
1230 4355 1277 4399 two
1295 4364 1361 4407 sons,

161 4418 204 4465 the
215 4418 321 4466 Ramnes
332 4434 372 4466 are
388 4418 525 4466 mentioned
536 4420 561 4466 in
572 4420 708 4481 5555515155
717 4424 744 4467 55
776 4420 895 4467 5551155515
907 4416 1045 4479 ‘juvenen'
1061 4416 1121 4465 both
1135 4420 1201 4465 must
1217 4415 1278 4464 have
1288 4414 1362 4464 5515555

162 4482 205 4530 5155
216 4483 352 4532 ‘centuriae
367 4484 506 4542 seniorum,’
517 4498 544 4533 as
559 4498 642 4547 young
651 4498 707 4532 men
718 4488 745 4532 to
776 4483 820 4530 the
832 4488 902 4546 'toga
911 4480 1001 4530 vialis!

718 4562 828 4623 352
