3200 5059
303 405 459 470 INDEX
483 405 764 471 SATIRARUM
789 407 849 472 ΕΤ
873 408 1225 476 EPISTOLARUM.

292 577 351 625 Ulla
362 577 451 637 sijuris
461 576 505 625 tibi
516 577 624 638 pejerati,
637 578 665 625 C.
676 578 701 624 ιι.
714 580 738 625 8.

293 642 363 689 Uxor
374 642 484 703 pauperis
495 640 570 704 Ibyci,
583 643 610 689 C.
623 643 656 688 iii.
670 643 708 689 15.

293 706 371 753 Velox
382 720 510 753 amoenum
521 721 592 769 saepe
603 706 756 763 Lucretilem,
768 707 797 753 C.
808 709 824 755 i.
840 708 876 763 17.

293 769 376 826 Vides,
388 774 416 817 ut
427 770 476 817 ulta
486 774 534 817 stet
544 771 599 818 nive
610 770 745 827 candidum,
758 771 785 818 C.
797 772 814 819 i.
826 776 850 821 9.

293 834 348 880 Vile
359 834 453 895 potabis
464 834 562 881 modicis
574 834 697 891 Sabinum,
711 835 738 882 C.
751 836 769 881 i.
780 839 821 883 20.

293 898 363 945 Vitas
373 898 489 946 hinnuleo
500 913 539 946 me
550 899 641 955 similis,
653 899 737 955 chloe,
749 900 777 946 C.
790 901 805 946 i.
818 902 857 948 23.

293 961 349 1009 Vixi
358 963 445 1024 puellis
455 977 533 1025 nuper
542 963 650 1020 idoneus,
663 964 690 1011 C.
702 963 735 1010 iii.
747 965 788 1011 26.

604 1189 646 1247 ll.
671 1188 934 1249 SATIRARUM.

294 1325 483 1375 Ambubaiarum
494 1327 601 1388 collegia,
612 1328 818 1389 pharmacopolae,
829 1330 871 1377 lib.
881 1331 897 1377 i.
907 1334 930 1379 2.

294 1391 423 1452 Egressum
434 1406 522 1451 magna
532 1407 571 1439 me
582 1392 675 1453 excepit
686 1394 766 1439 Aricia
777 1394 862 1450 Roma,
874 1394 916 1441 lib.
927 1395 943 1443 i.
956 1400 979 1443 6.

294 1455 394 1517 Eupolis
405 1458 478 1517 atque
489 1456 601 1503 Cratinus
611 1457 832 1518 Aristophanesque
843 1461 936 1519 potitae,
948 1459 988 1507 lib.
1001 1460 1017 1507 i.
1030 1464 1053 1510 4.

294 1518 350 1567 Hoc
360 1523 412 1566 erat
421 1519 448 1565 in
458 1520 534 1567 rotis:
552 1520 637 1567 modas
648 1521 698 1580 agri
708 1522 803 1567 nonita
814 1536 921 1582 magnus,
934 1524 974 1570 lib.
986 1524 1011 1571 ii.
1024 1528 1048 1573 6.

295 1582 350 1631 Hoc
361 1597 465 1645 qnoque,
476 1584 574 1640 liresia,
586 1588 681 1645 praeter
690 1589 786 1631 narrata
795 1587 896 1646 petenti,
908 1587 949 1633 lib.
961 1588 985 1635 ιι.
998 1592 1022 1635 6.

294 1646 364 1695 Ibam
375 1647 438 1695 forte
447 1648 486 1695 ria
497 1648 576 1705 Sacra,
588 1648 650 1696 sicut
660 1662 728 1695 meus
739 1654 776 1695 est
786 1664 847 1705 mos,
858 1650 900 1698 lib.
911 1652 928 1696 ι.
940 1655 963 1700 9.

294 1711 443 1760 Jamdudum
453 1713 560 1759 euserlto
570 1719 596 1759 et
605 1712 703 1773 cupiens
715 1712 759 1759 tibi
769 1712 847 1761 dicere
858 1730 946 1771 servus,
958 1714 1000 1762 lib.
1012 1716 1036 1763 ii.
1049 1718 1072 1772 7.

294 1776 390 1837 Nempe
400 1776 559 1837 incomposito
569 1776 618 1823 dixi
629 1777 690 1837 pede
700 1792 794 1825 currere
805 1793 894 1835 versus,
905 1779 946 1825 lib.
958 1780 974 1825 i.
989 1782 1026 1827 lo.

294 1840 352 1887 Non
363 1840 427 1902 quia,
438 1840 574 1895 Maecenas,
586 1840 707 1901 Lydorum
718 1842 835 1903 quidquid
845 1843 966 1900 Etruscos,
977 1844 1019 1891 lib.
1031 1844 1048 1891 ι.
1059 1846 1083 1892 6.

295 1902 361 1951 Olim
372 1910 472 1951 truncus
482 1919 547 1951 eram
558 1905 670 1958 ficulnus,
680 1906 765 1952 inutile
776 1908 876 1966 lignum,
888 1907 930 1954 lib.
942 1908 958 1953 i.
971 1910 994 1955 8.

294 1966 415 2015 Omnibus
424 1968 472 2014 hoc
481 1968 566 2015 vitium
578 1972 615 2016 eat
625 1968 769 2025 cantoribus,
781 1971 845 2017 inter
854 1971 951 2027 amicos,
963 1971 1004 2020 lib.
1016 1972 1032 2019 i.
1041 1975 1065 2019 3.

295 2031 424 2093 Proscripti
436 2032 507 2093 Regis
519 2032 601 2093 Rupili
611 2048 658 2094 pus
668 2038 741 2094 atque
751 2049 878 2091 venenum,
890 2034 932 2082 lib.
944 2036 960 2082 ι.
972 2036 995 2090 7.

297 2096 366 2147 Quas
375 2097 452 2143 virtus
462 2102 488 2143 et
499 2101 596 2158 quanta,
607 2096 673 2153 boni,
685 2098 716 2144 sit
727 2098 806 2144 virere
817 2114 897 2159 paruo,
909 2099 951 2145 lib.
962 2100 986 2147 ii.
998 2103 1022 2147 2.

295 2160 345 2210 Qui
354 2160 391 2217 fit,
402 2160 539 2217 Maecenas,
550 2164 580 2207 ut
589 2175 670 2217 nemo,
681 2177 754 2222 quam
765 2162 810 2209 sibi
821 2168 918 2218 sortem,
931 2162 973 2209 lib.
984 2164 1000 2209 i.
1017 2164 1039 2210 1.

295 2224 336 2271 Sic
346 2238 399 2271 raro
411 2224 501 2281 scribis,
513 2229 540 2272 ut
550 2228 603 2273 toto
613 2240 663 2272 non
674 2231 759 2287 quater
769 2241 841 2281 anno,
853 2227 894 2273 lib.
906 2227 930 2273 ii.
940 2230 964 2276 3.

296 2288 366 2345 Sunt,
378 2288 466 2351 quihus
476 2289 502 2335 in
513 2290 586 2337 entire
596 2289 678 2337 videor
688 2290 759 2336 nimis
770 2305 824 2337 scer
834 2293 860 2337 et
870 2291 941 2347 ultr'a,
952 2290 993 2338 lib.
1006 2291 1030 2338 ii.
1045 2292 1067 2339 1.

296 2352 369 2399 Unde
380 2358 405 2399 st
416 2367 464 2415 quo
476 2354 578 2401 Catius?
611 2354 669 2401 Non
680 2358 718 2401 est
728 2354 787 2401 mihi
798 2360 895 2415 tempus
905 2355 993 2413 arenti,
1005 2355 1046 2403 lib.
1055 2356 1080 2402 ιι.
1088 2357 1112 2403 4.

295 2416 333 2465 Ut
343 2417 469 2465 Nasidieni
476 2417 540 2479 juvit
549 2422 575 2466 te
585 2432 660 2465 coena
669 2417 741 2475 hecti,
754 2418 795 2466 lib.
807 2419 833 2466 ii.
845 2420 868 2466 8.

565 2641 624 2699 111.
647 2640 961 2700 EPISTOLARUM.

293 2780 359 2837 Albi,
370 2784 507 2827 nostrorum
519 2796 656 2829 sermonum
668 2781 768 2829 candide
776 2782 858 2841 judex,
869 2781 910 2829 lib.
923 2782 939 2828 1.
951 2784 974 2829 4.

296 2844 366 2893 Celso
376 2845 480 2906 gaudere
490 2849 517 2892 et
527 2846 589 2892 hene
599 2861 649 2893 rem
661 2861 742 2906 gerere
753 2845 913 2901 Albinovano,
925 2846 966 2893 lib.
978 2847 993 2893 i.
1006 2849 1030 2894 8.

295 2909 358 2957 Cum
369 2913 406 2956 tot
417 2909 533 2956 sustineas
543 2916 569 2956 et
579 2915 647 2956 tanta
657 2912 752 2969 negotia
762 2910 835 2967 solus,
848 2910 889 2956 lib.
901 2910 925 2956 ii.
940 2913 961 2957 l.

295 2973 374 3029 Flore,
385 2972 450 3020 hono
459 2974 569 3035 claroque
579 2974 657 3021 fidelis
667 2974 743 3021 amics
755 2974 855 3031 Neroni,
867 2974 907 3020 lih.
920 2974 945 3021 ii.
958 2977 982 3023 2.

295 3036 423 3084 Fructibus
433 3038 554 3099 Agrippae
566 3036 659 3093 Siculis,
671 3053 731 3099 quos
743 3039 841 3099 colligis,
855 3038 911 3093 Ioci,
923 3039 964 3086 lib.
976 3040 992 3086 1.
1007 3042 1044 3087 12.

296 3101 412 3148 Humano
423 3102 495 3162 cupiti
505 3103 620 3148 cervicem
631 3103 708 3163 pictor
718 3103 838 3163 equinam,
851 3102 881 3149 A.
895 3102 921 3149 P.

294 3165 346 3213 Juli
356 3165 434 3221 Flore,
446 3165 533 3226 quibus
544 3170 659 3212 terrarum
672 3167 760 3213 militet
770 3168 826 3219 oris,
838 3166 880 3214 lib.
891 3164 907 3212 i.
920 3168 943 3213 3.

294 3228 334 3276 Ne
345 3229 500 3290 perconteris,
513 3229 601 3277 fundus
613 3244 688 3287 meus,
699 3231 790 3291 optime
803 3231 908 3286 Quincti,
918 3230 959 3277 lib.
970 3230 987 3277 i.
1001 3232 1040 3278 16.

294 3293 338 3340 Nil
348 3293 459 3340 admirari
471 3308 545 3355 prope
556 3308 594 3340 res
605 3299 642 3341 est
653 3309 708 3350 una,
721 3295 827 3350 Numici,
838 3294 879 3341 lib.
892 3295 908 3340 i.
921 3295 944 3341 6.

295 3356 377 3404 Pn'ma
386 3357 449 3404 dicte
461 3358 528 3413 mihi,
540 3373 634 3405 summa
644 3358 743 3404 dicende
755 3360 867 3415 Camena,
879 3358 921 3405 lib.
933 3359 949 3404 ι.
964 3360 985 3405 1.

295 3420 376 3468 Prisco
387 3422 408 3467 si
419 3422 502 3479 credis,
513 3421 642 3469 Maecenas
654 3423 730 3479 docte,
743 3422 849 3479 Cratino,
861 3422 901 3469 lib.
915 3422 930 3469 i.
946 3423 982 3470 l9.

296 3486 365 3536 Quae
376 3486 408 3533 sit
418 3486 495 3533 hiems
506 3486 596 3543 Veliae,
608 3486 673 3548 quod
685 3488 785 3544 caelum,
796 3486 865 3543 Vala,
878 3486 977 3543 Salerni,
989 3486 1031 3533 lib.
1043 3487 1059 3533 ι.
1075 3489 1111 3533 15.

294 3549 418 3605 Quamvis,
430 3550 525 3606 Scaeam
538 3552 595 3597 satis
606 3566 649 3612 per
660 3555 684 3598 te
695 3551 740 3597 tibi
751 3552 854 3598 consulis
866 3556 890 3597 et
901 3552 954 3607 scis,
966 3550 1008 3598 lib.
1019 3552 1035 3597 i.
1050 3553 1088 3605 17.

295 3614 360 3665 Quid
370 3614 415 3662 tihi
425 3615 476 3661 risa
487 3615 567 3669 Chios,
580 3615 677 3673 Bullati,
689 3620 794 3677 notaque
807 3615 904 3671 Lesbos,
917 3615 959 3661 lib.
971 3616 987 3662 i.
1003 3616 1040 3663 ll.

295 3678 409 3740 Quinque
419 3678 470 3725 dies
481 3679 525 3726 tibi
535 3680 654 3740 pollicitus
665 3695 705 3727 me
715 3695 770 3726 rure
781 3679 897 3735 futurum,
910 3678 951 3725 lib.
963 3680 979 3725 i.
992 3681 1016 3735 7.

295 3740 433 3802 Septimius,
446 3742 538 3798 Claudi,
552 3744 663 3790 nimirum
675 3743 785 3804 intelligit
796 3758 868 3799 unus,
880 3743 921 3790 lib.
933 3744 949 3790 i.
962 3747 986 3792 9.

295 3804 321 3852 si
332 3804 428 3853 heusta
439 3807 503 3861 novi,
516 3813 616 3863 metues,
627 3807 747 3853 liberrime
759 3807 829 3863 Lolli,
842 3807 883 3854 lib.
895 3808 911 3853 i.
925 3809 964 3855 le.

295 3869 321 3916 Si
331 3874 401 3931 petes
411 3870 534 3916 Archiacis
545 3872 643 3917 conviva
653 3871 791 3917 recumbere
802 3873 878 3928 lectis,
890 3872 931 3918 lib.
943 3872 959 3919 i.
972 3874 996 3918 ὅ.

294 3934 394 3993 'Ihojani
403 3932 461 3979 belli
472 3934 620 3995 scriptorem,
634 3936 736 3981 maxime
748 3936 820 3991 Lolli,
833 3935 873 3981 lib.
885 3936 901 3981 i.
915 3938 938 3982 2.

295 3996 370 4045 Urbis
381 4001 512 4043 amatorem
524 3997 627 4044 Fuscum
639 3999 728 4045 sslrere
736 3999 858 4059 jubemus,
870 3998 911 4046 lib.
922 4000 939 4045 i.
955 4002 992 4047 ιθ.

295 4057 532 4123 Ut'prefin'sceutem
544 4061 614 4109 docui
625 4067 650 4109 te
661 4078 731 4123 saepe
742 4063 839 4124 diuque,
851 4063 892 4109 lih.
905 4064 920 4111 ι.
935 4065 972 4111 13.

294 4125 455 4173 Vertumnum
466 4125 613 4186 anumque,
625 4126 693 4183 liber,
705 4132 812 4188 spectare
823 4128 916 4182 rideris,
929 4128 969 4173 ιιι).
982 4128 997 4174 ι.
1011 4130 1050 4175 20.

293 4190 371 4238 Vilice
381 4191 492 4237 silvarum
504 4195 529 4236 et
539 4190 598 4237 mihi
609 4206 648 4236 me
658 4191 779 4238 reddentis
789 4192 867 4251 agelli,
880 4192 920 4238 lib.
933 4191 949 4237 i.
964 4194 1001 4239 ιιι.
