3200 5059
552 368 742 436 EPODON
767 368 921 447 LIBER,
945 373 996 435 12.
1315 374 1379 438 303

304 542 401 607 Unde
415 540 565 627 expedire
579 564 642 607 non
657 540 834 607 amicorum
847 547 967 627 queant
1214 559 1249 609 aa

347 640 464 705 Libera
479 638 610 704 consilia
624 662 683 705 nec
700 640 910 705 contumeliae
924 662 1048 727 graves,

304 738 368 803 Sed
382 738 462 802 alius
476 739 572 801 ardor
586 746 644 803 aut
658 738 780 824 puellae
795 738 948 803 candidae

346 836 417 900 Aut
432 836 546 901 teretis
561 836 651 923 pueri
665 836 793 923 longam
808 836 995 902 renodantis
1010 858 1145 901 comam.

172 1016 199 1061 to
213 1011 269 1059 flor
279 1025 345 1073 upon
362 1011 401 1059 hia
418 1009 561 1068 shouldera'
578 1024 662 1059 merua
676 1011 759 1058 rather
790 1025 839 1073 any
848 1010 930 1059 where
945 1012 1004 1069 elne,
1015 1011 1119 1074 perhaps
1134 1010 1184 1059 thir
1193 1011 1275 1059 writer
1289 1010 1348 1059 took
1358 1010 1380 1059 it

172 1077 242 1139 tying
260 1091 294 1139 up
312 1077 338 1124 in
354 1091 370 1123 a
384 1076 447 1124 knot
462 1076 510 1125 like
529 1091 545 1124 ι
562 1076 615 1137 girl.
648 1076 758 1123 Valerius
790 1074 854 1123 hom
880 1076 984 1133 Horace,
1011 1076 1141 1138 moulins
1166 1091 1196 1124 or
1218 1075 1321 1137 altering
1347 1076 1379 1125 ita

174 1141 662 1198 icotumesitintheotharaenae‚
680 1140 816 1188 nhirnch
790 1141 912 1203 running.
946 1141 1039 1190 Ihnd⁴
1048 1140 1379 1190 renidentir'intheVeua·

173 1205 339 1255 Toroelldoea
348 1211 413 1255 ot
415 1206 491 1254 ιι
504 1206 660 1293 “Tequaren
618 1206 757 1292 renodatam
790 1206 949 1253 tianedition
966 1205 1075 1264 o,s1483
1091 1206 1243 1254 nndGoaner
1259 1206 1380 1253 mationa

173 1267 757 1334 phueffisacmoehuetess'ia‘unnam’
790 1270 1036 1333 thatreadingfrom
1057 1240 1379 1328 demonstrabat

173 1286 277 1401 (Argon.
288 1288 393 1400 call).
424 1334 759 1387 Arthowordianotlound
790 1334 1305 1399 thmaianowaighttobeattachedtoit

648 1608 895 1617 -—-.-..——.

587 1828 830 1902 CARMEN
867 1831 967 1906 XII.

304 2024 393 2107 Qum
408 2024 468 2090 tibi
483 2024 540 2105 vis,
557 2024 670 2090 mulier
685 2025 785 2111 nigris
800 2025 987 2111 dignissima
1001 2026 1124 2091 barrisl

348 2124 487 2187 Munera
502 2123 577 2210 quid
592 2122 670 2187 mihi
685 2123 799 2209 quidve
814 2124 949 2188 tabellas

304 2219 415 2284 Mittis
430 2242 488 2284 nec
503 2220 595 2283 firmo
608 2220 718 2305 juveni
733 2242 836 2305 neque
850 2221 935 2285 naris
949 2222 1085 2286 obesae?

348 2317 494 2403 Namque
508 2318 656 2405 sagacius
671 2340 753 2383 unus
769 2319 893 2395 odoror,

305 2414 447 2503 Polypus
461 2438 502 2480 an
517 2415 624 2503 gravis
639 2414 772 2482 hirsutis
789 2417 888 2482 cubet
901 2414 1010 2481 hircus
1025 2415 1057 2481 in
1072 2415 1141 2497 alis,
1235 2434 1251 2481 ι

347 2516 451 2597 Quam
466 2515 554 2579 oanis
568 2536 644 2579 acer
657 2514 712 2579 ubi
726 2515 828 2581 lateat
842 2537 908 2581 sus.

304 2612 366 2695 Qui
381 2613 478 2677 sudor
493 2612 586 2678 vietis
601 2620 635 2677 et
648 2634 743 2699 quam
758 2614 860 2677 malus
875 2612 1013 2699 undique
1027 2613 1177 2678 membris

346 2710 473 2776 Crescit
488 2712 575 2789 odor,
591 2732 664 2775 oum
679 2732 759 2796 pene
774 2711 882 2776 soluto

304 2808 499 2874 Indomitam
513 2818 665 2895 properat
679 2809 802 2874 rabiem
815 2810 952 2885 sedare;
975 2830 1078 2896 neque
1091 2808 1137 2873 illi

346 2906 371 2970 J
372 2928 425 2971 am
439 2914 548 2973 manet
563 2908 693 2972 humida
707 2915 796 2973 creta
811 2908 961 2993 colorque
1219 2924 1253 2971 ιο

304 3006 453 3073 Stercore
468 3008 597 3072 fucatus
612 3008 771 3087 crocodili,
784 3009 915 3093 jannque
930 3008 1075 3073 subando

346 3106 452 3170 Tenta
466 3106 582 3171 cubilia
596 3113 748 3192 tectaque
763 3106 903 3191 rumpit!

305 3202 367 3268 Vel
382 3226 455 3268 mea
468 3226 542 3269 cum
556 3204 659 3269 saevis
674 3204 780 3291 agitat
793 3205 925 3269 fastidia
937 3203 1060 3270 verbis:

348 3298 480 3365 Inachia
494 3302 627 3388 langues
640 3302 746 3366 minus
761 3324 798 3365 ao
814 3324 885 3379 me;

306 3399 468 3465 Inachiam
483 3407 534 3464 ter
548 3408 642 3465 nocte
656 3407 759 3486 potes,
775 3400 853 3463 mihi
867 3420 993 3485 semper
1006 3400 1049 3463 ad
1064 3420 1161 3463 unum
1218 3414 1250 3462 15

348 3498 459 3564 Mollis
474 3518 564 3584 opus.
611 3496 731 3563 Pereat
744 3498 827 3562 male
842 3520 923 3583 quae
937 3505 972 3562 te

305 3596 423 3662 Lesbia
437 3596 602 3681 quaerenti
617 3604 745 3661 taurum
759 3596 951 3662 monstravit
966 3595 1110 3675 inertem,

347 3692 429 3759 Oum
442 3693 520 3757 mihi
537 3694 621 3759 Oous
635 3695 765 3759 adesset
780 3694 951 3779 Amyntas,

303 3791 403 3878 Cujus
418 3792 451 3855 in
465 3791 619 3857 indomito
636 3791 837 3857 constantior
850 3791 979 3877 inguine
992 3811 1108 3854 nervus

347 3892 452 3974 Quam
466 3913 549 3955 nova
564 3890 696 3955 collibus
709 3892 805 3955 arbor
818 3890 973 3955 inhaeret.
1215 3906 1251 3953 ao

306 3988 486 4053 Muricibus
502 3988 607 4073 Tyriis
621 3988 756 4053 iteratae
771 3989 889 4053 vellera
902 3988 994 4053 lanae

349 4086 408 4152 cui
422 4090 696 4173 properabanturl
719 4086 790 4151 Tibi
806 4108 928 4173 nempe,

306 4186 356 4251 Ne
369 4188 453 4251 soret
466 4187 614 4272 aequales
628 4186 713 4251 inter
727 4185 869 4264 conviva,
885 4186 987 4273 magis
1001 4206 1097 4272 quem

349 4284 508 4372 Diligcret
522 4284 634 4349 mulier
649 4306 708 4349 sua
723 4305 819 4370 quam
833 4290 877 4348 te.

306 4383 334 4448 Ο
351 4406 412 4471 ego
427 4406 491 4448 non
505 4384 590 4460 felix,
605 4404 701 4469 quam
716 4389 753 4447 tu
768 4381 852 4468 fugis
866 4389 904 4447 ut
918 4387 1013 4469 pavet
1027 4402 1119 4445 acres
1215 4396 1250 4442 aa

348 4483 446 4571 Agna
460 4483 552 4568 lupos
567 4503 763 4569 capreaeque
778 4482 905 4547 leones!
